2056 2842
1011 195 1205 256 (8)

266 309 409 375 Quod
429 309 490 353 sit
506 302 787 366 conscripti,
830 303 961 365 quod
982 304 1156 361 judicis
1178 304 1395 353 officium
1409 343 1422 364 ‚
1476 321 1600 372 quae
1641 294 1645 297 “

267 393 431 447 Partes
456 393 506 432 in
528 387 707 431 bellum
733 388 862 429 missi
888 384 1047 438 ducis,
1083 388 1167 431 ille
1188 385 1415 445 profecto

270 469 495 516 Reddere
516 480 743 526 personae
765 468 856 509 scit
879 467 1218 511 convenientia
1236 471 1424 527 cuique.

271 553 532 609 Respicere
563 545 808 603 exemplar
833 540 957 587 vit'ae
979 559 1262 606 morumque
1285 545 1461 603 jubebo

268 632 482 678 Doctum
503 627 793 689 imitatorem
826 633 872 668 et
895 638 1027 669 veras
1049 626 1164 669 hinc
1192 627 1364 679 ducere
1387 643 1541 675 voces,

269 709 516 757 Interdum
543 707 754 764 speciosa
779 705 896 760 jocis
932 713 1213 767 morataque
1244 716 1373 753 recte

270 791 455 838 Fabula
473 788 651 839 nullius
676 784 903 836 Veneris,
936 786 1041 828 sine
1068 786 1280 844 pondere
1306 796 1355 831 et
1385 798 1487 833 arte

272 869 478 916 Valdius
508 862 720 909 oblectat
747 865 1000 923 populum,
1035 865 1311 925 ‘meliusque
1356 879 1569 913 moratur

233 954 236 958 ⁴
274 950 429 1013 Quam
450 959 607 991 versus
628 946 793 1002 inopes
825 958 1002 997 rerum,
1045 958 1299 1004 nugaeque
1329 961 1544 991 canorae.

276 1030 433 1084 Grajis
462 1025 732 1081 ingenium,
766 1021 920 1079 Grajis
951 1017 1090 1068 dedit
1113 1038 1194 1068 ore
1215 1024 1424 1069 rotundo

276 1110 422 1155 Musa
443 1107 601 1164 loqui,
642 1112 827 1163 praeter
860 1102 1050 1147 laudem
1081 1105 1260 1147 nullius
1293 1107 1458 1149 avaris.

274 1188 484 1234 Romani
504 1186 639 1242 pueri
662 1185 819 1239 longis
850 1182 1112 1226 rationibus
1143 1196 1297 1227 assem

275 1268 487 1313 Discunt
519 1265 569 1305 in
590 1271 747 1322 partes
770 1271 961 1305 centum
988 1260 1228 1307 diducere.
1294 1261 1478 1315 „Dicat

276 1348 429 1392 Filius
462 1340 660 1392 Albini,
691 1343 730 1382 si
752 1340 811 1384 de
834 1343 1104 1399 quincunce
1126 1351 1310 1386 remota
1333 1350 1405 1399 est

274 1426 461 1476 Uncia‚
493 1418 614 1481 quid
643 1421 867 1478 superat?
904 1445 942 1453 -—
986 1419 1180 1464 Poteras
1199 1420 1378 1464 dixisse
1407 1424 1576 1465 triens!
1612 1421 1743 1467 Heu!

272 1507 403 1550 ‘Rem
421 1502 599 1561 poteris
634 1512 815 1542 servare
840 1506 993 1545 tuam!
1055 1498 1209 1542 Redit
1235 1502 1400 1551 uncia,
1438 1499 1559 1558 quid
1589 1500 1682 1543 fit?

278 1581 481 1629 Seruis.“
511 1605 550 1613 --
611 1574 694 1621 Ad
714 1578 830 1622 haec
849 1581 1032 1621 animos
1060 1591 1231 1636 aerugo
1263 1587 1311 1623 et
1340 1594 1451 1623 cura
1472 1580 1633 1638 peculi

278 1665 399 1708 Cum
421 1660 566 1704 sernel
589 1656 841 1708 imbuerit3
881 1672 1118 1714 speramus
1142 1660 1352 1700 carmina
1372 1658 1492 1715 fingi

274 1742 417 1787 Posse
437 1735 636 1783 linenda
656 1735 797 1780 cedro
819 1745 867 1780 et
887 1737 982 1782 levi
1001 1736 1231 1781 servanda
1258 1751 1477 1794 cupresso
1491 1737 1515 1780 ’.Ρ

402 1898 505 1943 Aut
521 1897 745 1958 prodesse
764 1899 953 1950 volunt,
1001 1906 1083 1940 aut
1112 1896 1353 1941 delectare
1384 1906 1579 1957 poetae;

278 1980 381 2025 Aut
403 1979 545 2023 simul
574 1987 622 2022 et
638 1977 846 2034 jucunda
867 1988 914 2023 et
934 1978 1109 2022 idonea
1136 1976 1297 2022 dicere
1328 1981 1468 2023 vitae.

278 2062 534 2106 Centuriae
556 2057 809 2102 Seniorum
832 2061 1016 2117 agitant
1037 2061 1250 2118 expertia
1274 2057 1448 2118 frugis3

279 2142 407 2186 Celsi
425 2127 703 2200 praeterunt
720 2149 904 2185 austera
922 2141 1147 2201 poem'ata
1164 2140 1433 2191 Rhamneae

279 2222 432 2263 Omne
454 2221 565 2264 tulit
582 2229 812 2278 punctum
836 2224 918 2280 qui
948 2222 1141 2265 miscuit
1162 2220 1284 2263 utile
1309 2218 1464 2274 dulci,

282 2300 533 2344 Lectorem
561 2299 847 2345 delectando
873 2304 1148 2360 pariterque
1178 2301 1435 2345 monendo.

280 2379 379 2421 Hic
397 2372 546 2422 meret
571 2393 679 2422 aera
694 2378 817 2423 liber
839 2379 1014 2433 Sosiis,
1046 2379 1126 2437 hic
1155 2389 1205 2423 et
1228 2394 1356 2424 mare
1368 2384 1547 2437 *transit

282 2457 351 2506 Et
366 2457 565 2514 longum
584 2466 699 2504 noto
720 2461 938 2519 scriptori
958 2469 1183 2522 prorogat
1210 2474 1393 2508 aevum.

1881 2064 1962 2109 541

1876 2463 1967 2509 546
