2056 2842
946 201 971 262 (
1033 220 1084 253 ια
1146 203 1170 265 )

335 325 482 369 Musa
509 321 645 365 dedit
672 315 849 359 fidibus
872 315 1027 360 Divos
1049 327 1320 374 puerosque
1342 312 1565 359 Deorum

217 403 287 452 Et
313 401 526 465 pugilem
546 399 775 445 victorem
797 404 847 440 et
873 409 1053 456 equum
1080 396 1342 442 certamine
1361 398 1571 455 prim-um

219 485 287 530 Et
304 487 527 539 juvenum
548 492 681 524 curas
710 485 760 522 et
777 474 930 520 libera
948 478 1061 522 vina
1081 473 1273 521 referre.

217 565 316 610 Res
342 569 500 620 gestae
520 572 780 616 regumque
806 555 1079 616 ducumque
1099 566 1148 601 et
1170 558 1327 600 tristia
1353 554 1485 599 bella

218 641 325 701 Quo
357 637 499 683 scribi
524 644 718 696 possent
740 648 941 679 numero
966 638 1249 682 monstravit
1274 633 1532 683 Homerus.

219 718 452 766 Versibus
472 720 716 775 impariter
735 717 909 771 junctis
930 718 1235 773 querimonia
1254 728 1463 773 prunum

220 796 338 844 Post
365 799 511 843 etiam
540 795 725 840 inclusa
751 804 821 839 est
849 796 947 839 voti
971 792 1225 840 Sententia
1246 811 1454 856 compos.

221 879 340 940 Quis
372 887 534 922 tamen
555 878 750 931 exiguos
786 875 945 930 elegos
966 877 1178 918 emiserit
1204 883 1369 918 auctor

220 956 534 999 Grammatici
558 962 743 998 certant
760 962 809 998 et
835 952 985 998 sdhuc
1005 951 1273 1010 subjudice
1311 954 1370 998 lis
1402 963 1490 1001 est.

219 1034 569 1081 Archilochum
585 1035 780 1093 proprio
802 1032 957 1078 rabies
980 1036 1182 1078 armavit
1203 1031 1385 1078 Jambo.

225 1115 369 1157 Hunc
393 1117 518 1157 socci
540 1127 707 1171 cepere
727 1112 921 1172 pedem,
968 1111 1265 1172 grandesque
1287 1112 1525 1166 cothurni,

224 1192 443 1237 Alternis
465 1201 629 1252 aptum
653 1192 972 1244 sermonibus,
1006 1201 1055 1235 et
1078 1193 1351 1249 populareis

222 1272 517 1315 'Vincentem
546 1272 791 1327 strepitus,
825 1279 873 1313 et
899 1278 1065 1313 natum
1092 1267 1232 1314 rebus
1254 1268 1470 1328 agendis.

223 1348 424 1407 Syllaba
441 1349 586 1408 longa
604 1347 735 1395 brevi
753 1349 967 1406 subJecta
988 1356 1183 1395 vocatur
1207 1348 1411 1403 iambus,

222 1427 315 1472 Pes
344 1431 490 1471 citus:
528 1427 657 1470 unde
684 1431 830 1472 etiam
858 1431 1087 1472 trimetris
1106 1442 1371 1473 accrescere
1394 1428 1535 1483 jussit

224 1505 425 1553 Nomen
443 1504 669 1560 ’iambeis,
702 1522 809 1551 cum
836 1520 973 1553 senos
993 1505 1215 1552 redderet
1233 1509 1370 1560 ictus,

228 1584 419 1631 Primus
440 1586 503 1631 ad
519 1595 783 1632 extremum
805 1586 977 1629 similis
998 1585 1105 1631 sibi.
1171 1586 1285 1631 Non
1309 1589 1378 1631 ita
1401 1583 1597 1645 pridem

224 1664 431 1710 Tardior
452 1674 509 1710 ut
522 1667 668 1726 paulo
690 1667 972 1724 graviorque
991 1668 1176 1711 veniret
1206 1665 1269 1711 ad
1288 1668 1444 1711 aureis

219 1744 470 1805 Spondeos
494 1743 689 1789 stabiles
710 1748 759 1786 in
780 1745 883 1799 jura
904 1753 1103 1802 paterna
1130 1748 1315 1804 recepit

221 1824 512 1868 Commodus
555 1834 603 1869 et
623 1827 833 1884 patiens3
863 1839 961 1867 non
987 1834 1041 1869 ut
1061 1824 1121 1869 de
1145 1823 1271 1870 Sede
1293 1825 1504 1871 secunda

224 1903 430 1948 Cederet
450 1913 534 1948 aut
554 1914 724 1963 quarta
742 1903 995 1948 socialiter.
1061 1903 1159 1948 Hie
1186 1913 1236 1948 et
1253 1907 1305 1947 in
1328 1902 1453 1951 Acci

219 1980 487 2028 Nobilibus
503 1985 946 2042 trimetris-apparet
969 1997 1121 2036 rarus,
1161 1993 1209 2028 et
1233 1983 1366 2028 Enni

219 2061 277 2105 In
293 2076 486 2107 scenam
509 2065 675 2107 missos
696 2076 870 2120 magno
894 2077 1000 2106 curn
1029 2062 1241 2122 pondere
1266 2078 1426 2110 versus

220 2140 325 2185 Aut
345 2157 516 2201 operae
537 2144 707 2188 celeris
730 2146 934 2187 nimium
949 2177 963 2196 ‚
993 2157 1201 2203 curaque
1227 2146 1435 2188 carentis

220 2218 325 2265 Aut
345 2223 591 2280 ignoratae
608 2225 785 2284 premit·
807 2227 920 2269 artis
943 2225 1146 2268 crimine
1170 2224 1312 2282 turpi.

222 2298 340 2343 Non
359 2304 515 2360 quivis
542 2301 675 2348 videt
697 2301 1014 2349 immodulata
1040 2312 1264 2364 poemata
1278 2300 1461 2361 judex,

220 2376 290 2426 Et
310 2379 422 2424 data
438 2381 671 2430 Romanis
690 2386 831 2429 venia
858 2394 929 2429 est
954 2383 1159 2441 indigna
1175 2387 1350 2444 poetis.

219 2456 465 2506 Iccircone
485 2475 625 2519 vager
637 2460 944 2525 ¹scribamque
963 2464 1199 2510 licenter?
1245 2464 1361 2512 Non
1392 2476 1560 2513 omnes

1845 319 1910 369 83

1847 480 1910 527 8⁵

1812 1258 1977 1320 ’δῦν’

1831 1355 1912 1399 251
